@book{glasserman2004monte,
  title={Monte Carlo methods in financial engineering},
  author={Glasserman, Paul},
  volume={53},
  year={2004},
  publisher={Springer}
}

@article{gordy2010nested,
  title={Nested simulation in portfolio risk measurement},
  author={Gordy, Michael B and Juneja, Sandeep},
  journal={Management Science},
  volume={56},
  number={10},
  pages={1833--1848},
  year={2010},
  publisher={INFORMS}
}

@article{broadie2015risk,
  title={Risk estimation via regression},
  author={Broadie, Mark and Du, Yiping and Moallemi, Ciamac C},
  journal={Operations Research},
  volume={63},
  number={5},
  pages={1077--1097},
  year={2015},
  publisher={INFORMS}
}
@article{hong2017kernel,
  title={Kernel smoothing for nested estimation with application to portfolio risk measurement},
  author={Hong, Jeff L and Juneja, Sandeep and Liu, Guangwu},
  journal={Operations Research},
  volume={65},
  number={3},
  pages={657--673},
  year={2017},
  publisher={INFORMS}
}

@article{feng2020optimal,
  title={Optimal nested simulation experiment design via likelihood ratio method},
  author={Feng, Mingbin and Song, Eunhye},
  journal={arXiv preprint arXiv:2008.13087},
  year={2020}
}

@article{zhang2021bootstrap,
  title={Bootstrap-based budget allocation for nested simulation},
  author={Zhang, Kun and Liu, Guangwu and Wang, Shiyu},
  journal={Operations Research},
  year={2021},
  publisher={INFORMS}
}

@article{zhang2022sample,
  title={Sample recycling for nested simulation with application in portfolio risk measurement},
  author={Zhang, Kun and Feng, Mingbin and Liu, Guangwu and Wang, Shiyu},
  journal={arXiv preprint arXiv:2203.15929},
  year={2022}
}

@article{wang2022smooth,
  title={Smooth nested simulation: bridging cubic and square root convergence rates in high dimensions},
  author={Wang, Wenjia and Wang, Yanyuan and Zhang, Xiaowei},
  journal={arXiv preprint arXiv:2201.02958},
  year={2022}
}

@book{hardle1990applied,
  title={Applied nonparametric regression},
  author={H{\"a}rdle, Wolfgang},
  year={1990},
  publisher={Cambridge university press}
}